% Book ------------------------------------------------------------------------------------------------ %

@Book{servicestrategy,
  author    = {David Cannon},
  title     = {ITIL Service Strategy},
  publisher = {TSO (The Stationery Office)},
  year      = {2011}
}

@Book{servicedesign,
  author    = {Lou Hunnebeck},
  title     = {ITIL Service Design},
  publisher = {TSO (The Stationery Office)},
  year      = {2011}
}

@Book{servicetransiction,
  author    = {Stuart Rance},
  title     = {ITIL Service Transition},
  publisher = {TSO (The Stationery Office)},
  year      = {2011}
}

@Book{serviceoperation,
  author    = {Randy A. Steinberg},
  title     = {ITIL Service Operation},
  publisher = {TSO (The Stationery Office)},
  year      = {2011}
}

@Book{continualserviceimprovement,
  author    = {Vernon Lloyd},
  title     = {ITIL Continual Service Improvement},
  publisher = {TSO (The Stationery Office)},
  year      = {2011}
}

@Book{1933284293,
  author    = {W. Krag Brotby and IT Governance Institute},
  title     = {Information Security Governance:  Guidance for Boards of Directors and Executive Managment, 2nd Edition},
  publisher = {Isaca},
  year      = {2006}
}

@Book{rubin2012essential,
  author    = {Rubin, Kenneth S},
  title     = {Essential Scrum: A practical guide to the most popular Agile process},
  publisher = {Addison-Wesley},
  year      = {2012}
}

@Book{bernard2012cobit,
  author    = {Bernard, Pierre},
  title     = {COBIT{\textregistered} 5-A Management Guide},
  publisher = {Van Haren},
  year      = {2012}
}

@Book{Chrissis:2003:CGP:773274,
 author     = {Chrissis, Mary Beth and Konrad, Mike and Shrum, Sandy},
 title      = {CMMI Guidlines for Process Integration and Product Improvement},
 publisher  = {Addison-Wesley Longman Publishing Co., Inc.},
 year       = {2003}
}

@book{anderson2010kanban,
  title={Kanban: successful evolutionary change for your technology business},
  author={Anderson, David J},
  year={2010},
  publisher={Blue Hole Press}
}

% Book ------------------------------------------------------------------------------------------------ %

% Article  -------------------------------------------------------------------------------------------- %

@article{introductoryoverviewofitil,
  title     = {An Introductory Overview of ITIL{\textregistered} 2011},
  author    = {Cartlidge, A and Rudd, C and Smith, M and Wigzel, P and Rance, S and Shaw, S and Wright, T},
  journal   = {Berkshire, United Kingdom},
  year      = {2012}
}

@article{abreu2012implantando,
  title     = {Implantando a governan{\c{c}}a de TI: da estrat{\'e}gia {\`a} gest{\~a}o dos processos e servi{\c{c}}os},
  author    = {ABREU, Vladimir Ferraz de and FERNANDES, Aguinaldo Aragon},
  journal   = {Rio de Janeiro: Brasport},
  year      = {2012}
}

@article{commerce2007official,
  title     = {The official introduction to the ITIL service lifecycle},
  author    = {Commerce, OoG},
  journal   = {The Stationary Office, London},
  year      = {2007}
}

@article{arraj2010itil,
  title     = {ITIL{\textregistered}: the basics},
  author    = {Arraj, Valerie},
  journal   = {Buckinghampshire, UK},
  year      = {2010}
}

@article{kneller2010executive,
  title     = {Executive Briefing: The Benefits of ITIL{\textregistered}},
  author    = {Kneller, Maggie},
  journal   = {The Stationery Office, UK},
  year      = {2013}
}

@article{agilemanifesto,
  title     = {Disponível em http://agilemanifesto.org},
  author    = {Manifesto, Agile},
  journal   = {Acesso em},
  volume    = {22},
  year      = {2013}
}

@article{elephant2004benefits,
  title     = {The Benefits of ITIL{\textregistered} White Paper},
  author    = {Elephant, Pink},
  journal   = {Setembro de},
  year      = {2004}
}

@article{charland2011mobile,
  title     = {Mobile application development: web vs. native},
  author    = {Charland, Andre and Leroux, Brian},
  journal   = {Communications of the ACM},
  volume    = {54},
  number    = {5},
  pages     = {49--53},
  year      = {2011},
  publisher = {ACM}
}

@article{pultorak2008mof,
  title     = {MOF 4.0: Microsoft Operations Framework 4.0},
  author    = {Pultorak, David},
  journal   = {Zaltbommel: Van Haren Publishing},
  year      = {2008}
}

@article{bangor2009determining,
  title={Determining what individual SUS scores mean: Adding an adjective rating scale},
  author={Bangor, Aaron and Kortum, Philip and Miller, James},
  journal={Journal of usability studies},
  volume={4},
  number={3},
  pages={114--123},
  year={2009},
  publisher={Usability Professionals' Association}
}

@article{Brooke:2013:SR:2817912.2817913,
 author = {Brooke, John},
 title = {SUS: A Retrospective},
 journal = {J. Usability Studies},
 issue_date = {February 2013},
 volume = {8},
 number = {2},
 month = feb,
 year = {2013},
 issn = {1931-3357},
 pages = {29--40},
 numpages = {12},
 url = {http://dl.acm.org/citation.cfm?id=2817912.2817913},
 acmid = {2817913},
 publisher = {Usability Professionals' Association},
 address = {Bloomingdale, IL},
} 
[download]

% Article  -------------------------------------------------------------------------------------------- %

% Misc  ----------------------------------------------------------------------------------------------- %

@misc{pressmanengenharia,
  title     = {Engenharia de software: uma abordagem profissional. 7{\textordfeminine} Edi{\c{c}}{\~a}o},
  author    = {PRESSMAN, R},
  publisher = {BOOKMAN}
}

@Misc{ciclo_scrum,
 author   = {Desenvolvimento Ágil},
 title    = {Scrum},
 note     = {Último acesso em 19/1/2016},
 howpublished= {\url{http://www.desenvolvimentoagil.com.br/scrum/}}
}

@Misc{alo_pequi,
 author   = {BR PAV},
 title    = {Alô Pequi},
 note     = {Último acesso em 19/1/2016},
 howpublished= {\url{https://play.google.com/store/apps/details?id=com.brpav.alopequi}}
}

@Misc{colab,
 author   = {Colab S.A.},
 title    = {Colab.re},
 note     = {Último acesso em 19/1/2016},
 howpublished= {\url{https://play.google.com/store/apps/details?id=thirtyideas.colab_android}}
}

@Misc{vigilante_app,
 author   = {MAQHIN},
 title    = {Vigilante App},
 note     = {Último acesso em 19/1/2016},
 howpublished= {\url{https://play.google.com/store/apps/details?id=com.maqhin.vigilante&hl=pt_BR}}
}

@Misc{itil-website,
 author   = {ITIL.org.uk},
 title    = {IT SERVICE MANAGEMENT BOOKSHOP},
 note     = {Último acesso em 21/1/2016},
 howpublished= {\url{http://www.itil.org.uk/}}
}

@Misc{pesquisa-fgv,
 author   = {FGV-EAESP},
 title    = {Pesquisa Anual do Uso de TI},
 note     = {Último acesso em 22/1/2016},
 howpublished= {\url{http://eaesp.fgvsp.br/ensinoeconhecimento/centros/cia/pesquisa}}
}

@Misc{pesquisa-idc,
 author   = {International Data Corporation},
 title    = {Smartphone OS Market Share, 2015 Q2},
 note     = {Último acesso em 19/1/2016},
 howpublished= {\url{http://www.idc.com/prodserv/smartphone-os-market-share.jsp}}
}

@Misc{infra-uft,
 author   = {Universidade Federal do Tocantins},
 title    = {Infra-Estrutura Campus Palmas UFT},
 note     = {Último acesso em 22/1/2016},
 howpublished= {\url{http://ww1.uft.edu.br/index.php/palmas/infra-estrutura}}
}

@Misc{maps_uft,
 author   = {Google Maps},
 title    = {Mapa do Campus Universitário de Palmas},
 note     = {Último acesso em 22/1/2016},
 howpublished= {\url{https://www.google.com.br/maps/@-10.1784973,-48.3600918,906m/data=!3m1!1e3?hl=pt-BR}}
}

@Misc{intranet_uft,
 author   = {Universidade Federal do Tocantins},
 title    = {Intranet Universidade Federal do Tocantins},
 note     = {Último acesso em 27/1/2016},
 howpublished = {\url{https://www.intranet.uft.edu.br/}}
}

@Misc{scrum-ciclo,
 author   = {Desenvolvimento Ágil},
 title    = {Scrum: metodologia ágil para gestão e planejamento de projetos},
 note     = {Último acesso em 27/1/2016},
 howpublished= {\url{http://www.desenvolvimentoagil.com.br/scrum/}}
}

@Misc{primefaces,
 author   = {PrimeFaces},
 title    = {PrimeFaces},
 note     = {Último acesso em 27/1/2016},
 howpublished= {\url{http://primefaces.org/}}
}

@Misc{jsf,
 author   = {Mojarra Java Server Faces},
 title    = {Java Server Faces},
 note     = {Último acesso em 27/1/2016},
 howpublished= {\url{https://javaserverfaces.java.net/}}
}

@Misc{android,
 author   = {Google},
 title    = {Android},
 note     = {Último acesso em 27/1/2016},
 howpublished= {\url{https://www.android.com/intl/pt-BR_br/}}
}

@Misc{ios,
 author   = {Apple},
 title    = {IOS},
 note     = {Último acesso em 27/1/2016},
 howpublished= {\url{http://www.apple.com/br/ios/}}
}

@Misc{mandi,
 author   = {Diretoria de Tecnologia da Informação - UFT},
 title    = {Mandi - Monitoramento e Análise De Incidentes},
 note     = {Último acesso em 27/1/2016},
 howpublished= {\url{http://wiki.uft.edu.br/index.php/Mandi}}
}

@Misc{gitcontrole,
 author   = {Software Freedom Conservancy},
 title    = {Primeiros passos - Sobre Controle de Versão},
 note     = {Último acesso em 25/6/2016},
 howpublished= {\url{https://git-scm.com/book/pt-br/v1/Primeiros-passos-Sobre-Controle-de-Vers\%C3\%A3o}}
}

@Misc{bitbucket,
 author   = {Atlassian Bitbucket},
 title    = {Bitbucket is the Git solution for professional teams},
 note     = {Último acesso em 25/6/2016},
 howpublished= {\url{https://bitbucket.org/}}
}

@Mis{mailsi,
 author   = {Managing IT Services and Service Implementation},
 title    = {Managing IT Services and Service Implementation},
 note     = {Último acesso em 25/6/2016},
 howpublished= {\url{https://www.uef.fi/web/maissi}}
}

% Misc  ----------------------------------------------------------------------------------------------- %

% Inproceedings  -------------------------------------------------------------------------------------- %

@inproceedings{ieee1998ieee,
  title     = {Ieee recommended practice for software requirements specifications},
  author    = {IEEE Computer Society. Software Engineering Standards Committee and IEEE-SA Standards Board},
  year      = {1998},
  organization = {Institute of Electrical and Electronics Engineers}
}

@inproceedings{nayebi2012state,
  title     = {The state of the art of mobile application usability evaluation.},
  author    = {Nayebi, Fatih and Desharnais, Jean-Marc and Abran, Alain},
  booktitle = {CCECE},
  pages     = {1--4},
  year      = {2012}
}

@inproceedings{albero2010case,
  title     = {A case study related to the control of IT services in a small enterprise},
  author    = {Albero, Filipe and Calvo-Manzano, Jose A and Arcilla, Magdalena},
  booktitle = {Information Systems and Technologies (CISTI), 2010 5th Iberian Conference on},
  pages     = {1--6},
  year      = {2010},
  organization = {IEEE}
}

@inproceedings{zhen2007itil,
  title     = {An ITIL-based IT service management model for chinese universities},
  author    = {Zhen, Wang and Xin-Yu, Zhang},
  booktitle = {null},
  pages     = {493--497},
  year      = {2007},
  organization ={ IEEE}
}

@inproceedings{jantti2009defining,
  title     = {Defining requirements for an incident management system: A case study},
  author    = {Jantti, Marko},
  booktitle = {Systems, 2009. ICONS'09. Fourth International Conference on},
  pages     = {184--189},
  year      = {2009},
  organization = {IEEE}
}

@inproceedings{cunningham1992problem,
  title     = {The problem is problems: problem tracking, resolution and record keeping in a large university environment},
  author    = {Cunningham, Jeanne Lee},
  booktitle = {Proceedings of the 20th annual ACM SIGUCCS conference on User services},
  pages     = {77--80},
  year      = {1992},
  organization = {ACM}
}

@inproceedings{kajko2001corrective,
  title     = {Corrective maintenance maturity model (CM 3): maintainer's education and training},
  author    = {Kajko-Mattsson, Mira and Forssander, Stefan and Olsson, Ulf},
  booktitle = {Software Engineering, 2001. ICSE 2001. Proceedings of the 23rd International Conference on},
  pages     = {610--619},
  year      = {2001},
  organization = {IEEE}
}

@inproceedings{kajko1998conceptual,
  title     = {A conceptual model of software maintenance},
  author    = {Kajko-Mattsson, Mira},
  booktitle = {Software Engineering, 1998. Proceedings of the 1998 International Conference on},
  pages     = {422--425},
  year      = {1998},
  organization = {IEEE}
}

@inproceedings{spremic2008and,
  title     = {IT and business process performance management: Case study of ITIL implementation in finance service industry},
  author    = {Spremi{\'c}, Mario and Zmirak, Zlantan and Kraljevic, Krunoslav},
  booktitle = {Information Technology Interfaces, 2008. ITI 2008. 30th International Conference on},
  pages     = {243--250},
  year      = {2008},
  organization = {IEEE}
}

@inproceedings{liu2011case,
  title     = {Case study on IT service management process evaluation framework based on ITIL},
  author    = {Liu, Min and Gao, Zhiheng and Luo, Weiping and Wan, Jiangping},
  booktitle = {2011 International Conference on Business Management and Electronic Information},
  year      = {2011}
}

@inproceedings{cater2005implementation,
  title     = {Implementation of IT Infrastructure Library (ITIL) in Australia: Progress and success factors},
  author    = {Cater-Steel, Aileen and Tan, Wui-Gee},
  booktitle = {2005 IT Governance International Conference},
  pages     = {39--52},
  year      = {2005},
  organization = {Auckland University of Technology}
}

@inproceedings{itilimplementationfailure,
  title     = {Lessons learned in ITIL implementation failure},
  author    = {Sharifi, Mohammad and Ayat, Masarat and Rahman, Azizah Abd and Sahibudin, Shamsul},
  booktitle = {Information Technology, 2008. ITSim 2008. International Symposium on},
  volume    = {1},
  pages     = {1--4},
  year      = {2008},
  organization = {IEEE}
}

@inproceedings{itilservicemanagement,
  title     = {Specifying services for ITIL service management},
  author    = {Wegmann, Alain and Regev, Gil and Garret, Georges-Antoine and Mar{\'e}chal, Fran{\c{c}}ois},
  booktitle = {Service-Oriented Computing: Consequences for Engineering Requirements, 2008. SOCCER'08. International Workshop on},
  pages     = {8--14},
  year      = {2008},
  organization = {IEEE}
}

@inproceedings{itilbaseditservicemanagementmeasurementsystem,
  title     = {Implementing an ITIL-based IT service management measurement system},
  author    = {Lahtela, Antti and Jantti, Marko and Kaukola, Jukka},
  booktitle = {Digital Society, 2010. ICDS'10. Fourth International Conference on},
  pages     = {249--254},
  year      = {2010},
  organization  = {IEEE}
}

@inproceedings{nabiollahi2008considering,
  title     = {Considering service strategy in ITIL V3 as a framework for IT Governance},
  author    = {Nabiollahi, Akbar and bin Sahibuddin, Shamsul},
  booktitle = {Information Technology, 2008. ITSim 2008. International Symposium on},
  volume    = {1},
  pages     = {1--6},
  year      = {2008},
  organization  = {IEEE}
}

% Inproceedings  -------------------------------------------------------------------------------------- %

% Incollection  --------------------------------------------------------------------------------------- %

@incollection{schwaber1997scrum,
  title     = {Scrum development process},
  author    = {Schwaber, Ken},
  booktitle = {Business Object Design and Implementation},
  pages     = {117--134},
  year      = {1997},
  publisher = {Springer}
}

% Incollection  --------------------------------------------------------------------------------------- %

% Techreport  ----------------------------------------------------------------------------------------- %

@techreport{florac1992software,
  title     = {Software quality measurement: A framework for counting problems and defects},
  author    = {Florac, William A},
  year      = {1992},
  institution = {DTIC Document}
}

% Techreport  ----------------------------------------------------------------------------------------- %